@misc{fuzzy,
  doi = {10.48550/ARXIV.1510.02588},
  
  url = {https://arxiv.org/abs/1510.02588},
  
  author = {Beygi, Nima and Beigy, Maani and Siahi, Mehdi},
  
  keywords = {Systems and Control (eess.SY), FOS: Electrical engineering, electronic engineering, information engineering, FOS: Electrical engineering, electronic engineering, information engineering},
  
  title = {Design of Fuzzy self-tuning PID controller for pitch control system of aircraft autopilot},
  
  publisher = {arXiv},
  
  year = {2015},
  
  copyright = {arXiv.org perpetual, non-exclusive license}
}

@article{quat,
author = {Gołąbek, Michał and Welcer, Michał and Szczepanski, Cezary and Krawczyk, Mariusz and Zajdel, Albert and Borodacz, Krystian},
year = {2022},
month = {11},
pages = {3775},
title = {Quaternion Attitude Control System of Highly Maneuverable Aircraft},
volume = {11},
journal = {Electronics},
doi = {10.3390/electronics11223775}
}
